<record><leader>00000cas a22000007a 4500</leader><controlfield tag="001">9500528</controlfield><controlfield tag="008">830511d191019uunyuwr ne      0    0rum d</controlfield><datafield ind1=" " ind2=" " tag="010"><subfield code="a">sn 83030465 </subfield></datafield><datafield ind1=" " ind2=" " tag="040"><subfield code="a">NPU</subfield><subfield code="b">eng</subfield><subfield code="c">NPU</subfield><subfield code="d">OCL</subfield><subfield code="d">OCLCQ</subfield></datafield><datafield ind1=" " ind2=" " tag="042"><subfield code="a">msc</subfield></datafield><datafield ind1="0" ind2="0" tag="245"><subfield code="a">Des&#806;teapta&#780;te Romane.</subfield></datafield><datafield ind1=" " ind2=" " tag="260"><subfield code="a">New York :</subfield><subfield code="b">Rise Roumanian Pub. Co.</subfield></datafield><datafield ind1=" " ind2=" " tag="300"><subfield code="a">v. ;</subfield><subfield code="c">62 cm.</subfield></datafield><datafield ind1=" " ind2=" " tag="310"><subfield code="a">Weekly</subfield></datafield><datafield ind1="1" ind2=" " tag="362"><subfield code="a">Began in 1910.</subfield><subfield code="z">Cf. Ayer, 1918.</subfield></datafield><datafield ind1=" " ind2=" " tag="500"><subfield code="a">Parallel title: Wake up Roumanian.</subfield></datafield><datafield ind1=" " ind2=" " tag="500"><subfield code="a">Published on Thursday.</subfield></datafield><datafield ind1=" " ind2=" " tag="500"><subfield code="a">Editor: Jancu Roman, 19&lt;13&gt;-</subfield></datafield><datafield ind1=" " ind2=" " tag="546"><subfield code="a">In Romanian.</subfield></datafield><datafield ind1=" " ind2=" " tag="588"><subfield code="a">Description based on: Vol. 1, no. 27 (Sept. 21, 1911)--and v. 3, no. 3 (Jan. 16, 1913).</subfield></datafield><datafield ind1=" " ind2=" " tag="752"><subfield code="a">United States</subfield><subfield code="b">New York</subfield><subfield code="c">New York</subfield><subfield code="d">New York.</subfield></datafield></record>